@online{git,
  author = {git},
  title  = {About Version Control},
  howpublished= "\url{https://git-scm.com/book/en/v2/Getting-Started-About-Version-Control}",
}

@online{AESYS,
  author = {AESYS Srl},
  title  = {AESYS Srl},
  howpublished= "\url{https://www.aesys.tech/}",
}

@online{Java,
  author = {Java},
  title = {Che cos'è la tecnologia Java e a cosa serve?},
  howpublished= "\url{https://www.java.com/it/download/help/whatis_java.html}",
}

@online{Eclipse,
  author = {Eclipse},
  title = {Eclipse documentation},
  howpublished= "\url{https://help.eclipse.org/latest/index.jsp}",
}

@online{Spring,
  author = {Spring},
  title = {Spring Framework},
  howpublished= "\url{https://spring.io/projects/spring-framework}",
}

@online{Spring,
  author = {Spring},
  title = {Spring Boot},
  howpublished= "\url{https://spring.io/projects/spring-boot}",
}

@online{Spring,
  author = {Spring},
  title = {Spring Data},
  howpublished= "\url{https://spring.io/projects/spring-data}",
}

@online{Spring,
  author = {Spring},
  title = {Spring Data JPA},
  howpublished= "\url{https://spring.io/projects/spring-data-jpa}",
}

@online{Microsoft,
  author = {Microsoft Azure DevOps},
  title = {Azure DevOps},
  howpublished= "\url{https://azure.microsoft.com/it-it/products/devops/#overview}",
}

@online{RedHat,
  author = {RedHat},
  title  = {Cos'è Docker?},
  howpublished= "\url{https://www.redhat.com/it/topics/containers/what-is-docker}",
}

@online{Amazon,
  author = {Amazon AWS},
  title  = {Microservizi},
  howpublished= "\url{https://aws.amazon.com/it/microservices/}",
}

@online{RedHat,
  author = {RedHat},
  title  = {Cosa sono i microservizi?},
  howpublished= "\url{http://www.usabilityfirst.com/glossary/scientific-visualization/}",
}

@online{Kong,
  author = {Kong},
  title = {Kong Gateway},
  howpublished= "\url{https://docs.konghq.com/gateway/latest/}",
}

@online{PostgreSQL,
  author = {PostgreSQL},
  title = {What Is PostgreSQL?},
  howpublished= "\url{https://www.postgresql.org/docs/current/intro-whatis.html}",
}

@online{Lua,
  author = {Lua},
  title = {Lua 5.4 Reference Manual},
  howpublished= "\url{https://www.lua.org/manual/5.4/manual.html}",
}

@online{JWT,
  author = {JWT},
  title = {What is JSON Web Token?},
  howpublished= "\url{https://jwt.io/introduction}",
}

@online{Postman,
  author = {Postman},
  title = {Postman},
  howpublished= "\url{https://learning.postman.com/docs/introduction/overview/}",
}



